<record><leader>00000cas a2200000 a 4500</leader><controlfield tag="001">11266026</controlfield><controlfield tag="008">841015d18811882ksuwr ne      0   a0eng d</controlfield><datafield ind1=" " ind2=" " tag="010"><subfield code="a">sn 84029866 </subfield></datafield><datafield ind1=" " ind2=" " tag="040"><subfield code="a">KSH</subfield><subfield code="b">eng</subfield><subfield code="c">KSH</subfield><subfield code="d">NPT</subfield><subfield code="d">OCL</subfield><subfield code="d">OCLCQ</subfield></datafield><datafield ind1=" " ind2=" " tag="042"><subfield code="a">msc</subfield></datafield><datafield ind1="0" ind2="4" tag="245"><subfield code="a">The Lane advance.</subfield></datafield><datafield ind1=" " ind2=" " tag="260"><subfield code="a">Lane, Kan. :</subfield><subfield code="b">Wilber &amp; Leedom,</subfield><subfield code="c">1881-1882.</subfield></datafield><datafield ind1=" " ind2=" " tag="300"><subfield code="a">2 v. :</subfield><subfield code="b">ill. (chiefly advertisements) ;</subfield><subfield code="c">55-64 cm.</subfield></datafield><datafield ind1=" " ind2=" " tag="310"><subfield code="a">Weekly</subfield></datafield><datafield ind1="0" ind2=" " tag="362"><subfield code="a">Vol. 1, no. 1 (July 1, 1881)-v. 2, no. 22 (Dec. 1, 1882).</subfield></datafield><datafield ind1=" " ind2=" " tag="500"><subfield code="a">Published by: O.M. Wilbur, Apr. 21-June 30, 1882; Horace J. Newberry, July 7-Dec. 1, 1882.</subfield></datafield><datafield ind1=" " ind2=" " tag="500"><subfield code="a">"Independent."</subfield></datafield><datafield ind1=" " ind2=" " tag="515"><subfield code="a">Issues for June 30 and July 14, 1882 both numbered v. 2, no. 1.</subfield></datafield><datafield ind1=" " ind2=" " tag="752"><subfield code="a">United States</subfield><subfield code="b">Kansas</subfield><subfield code="c">Franklin</subfield><subfield code="d">Lane.</subfield></datafield></record>